%=============================================
@article{HIGGS,
     author    = "P. W. Higgs",
     journal   = "Phys. Lett.",
     title     = "{Broken symmetries, massless particles and gauge fields}",
     volume    = "12",
     year      = "1964",
     pages     = "132"
}
%=============================================
@article{HIGGS2,
     author    = "P. W. Higgs",
     journal   = "Phys. Rev. Lett.",
     title     = "{Broken Symmetries and the Masses of Gauge Bosons}",
     volume    = "13",
     year      = "1964",
     pages     = "508"
}
%=============================================
@article{HIGGS3,
     author    = "P. W. Higgs",
     journal   = "Phys. Rev.",
     title     = "{Spontaneous Symmetry Breakdown without Massless Bosons}",
     volume    = "145",
     year      = "1966",
     pages     = "1156"
}
%=============================================
@article{ENGLERT,
     author    = "F. Englert and R. Brout",
     journal   = "Phys. Rev. Lett.",
     title     = "{Broken Symmetry and the Mass of Gauge Vector Mesons}",
     volume    = "13",
     year      = "1964",
     pages     = "321"
}
%=============================================
@article{Guralnik:1964eu,
      author         = "{G.~S.~Guralnik, C.R.~ Hagen and T.~W.~B.~Kibble}",
      journal        = "Phys.Rev.Lett.",
      volume         = "13",
      pages          = "585",
      year           = "1964",
}
%=============================================
@article{PDGBook,
     author    = "C. Amsler and others",
     collaboration = "Particle Data Group",
     title     = "{Review of Particle Physics}",
     journal   = "Phys. Lett.",
     volume    = "B667",
     year      = "2008",
     pages     = "1"
}
%=============================================
@article{ATLASDetector,
     author = "Aad, G. and others",
     collaboration = "The ATLAS",
     title     = "{The ATLAS Experiment at the CERN Large Hadron Collider}",
     journal   = "JINST",
     volume    = "3",
     year      = "2008",
     pages     = "S08003"
}
%=============================================
@article{LHC,
     author = "Lyndon Evans and Philip Bryant",
     title  = "{LHC Machine}",
     journal   = "JINST",
     volume    = "3",
     year      = "2008",
     pages     = "S08001"
}
%=============================================
@article{AtlasCSCBook,
     collaboration = "The ATLAS",
     title     = "{Expected Performance of the ATLAS Experiment - Detector, Trigger and Physics}",
     report   = "CERN-OPEN-2008-020",
     eprint  = "{0901.0512}",
     archivePrefix = "arXiv"
}
%=============================================
@Misc{LEPEWWG,
  author = "{ALEPH, DELPHI, L3 and OPAL Collaborations}",
  title  = "The LEP Electroweak Working Group",
  howpublished =  "{http://lepewwg.web.cern.ch/LEPEWWG/}"
}
%=============================================
@article{TevatronHiggs,
     author    = "Aaltonen, T. and others",
     collaboration = "CDF and D0 Collaborations",
     title     = "{Combination of Tevatron Searches for the Standard Model Higgs Boson in the $W^+W^-$ Decay Mode}",
     journal   = "Phys. Rev. Lett.",
     volume    = "104",
     year      = "2010",
     pages     = "061802",
     eprint    = "1001.4162",
     archivePrefix = "arXiv",
     doi       = "10.1103/PhysRevLett.104.061802"
}
%=============================================
@article{SM,
  AUTHOR  = "A. Djouadi",
  title   = "{The anatomy of electroweak symmetry breaking: Tome I: The Higgs boson in the Standard Model}",
  journal = "Phys. Rep.", 
  volume  = "457",
  year    = "2008",
  pages   = "1, and references therein"
}
%=============================================
@article{MSSM,
  AUTHOR  = "A. Djouadi",
  title   = "{The anatomy of electroweak symmetry breaking Tome II: The Higgs bosons in the Minimal Supersymmetric Model}",
  journal = "Phys. Rep.", 
  volume  = "459",
  year    = "2008",
  pages   = "1, and references therein"
}
%=============================================
@article{MSSM1,
  AUTHOR  = "N. P. Nilles",
  title   = "{Supersymmetry, supergravity and particle physics}",
  Journal = "Phys. Rep.", 
  volume  = "110",
  year    = "1984",
  pages   = "1"
}
%=============================================
@article{MSSM2,
  AUTHOR  = "H. E. Haber and G. L. Kane",
  title   = "{The search for supersymmetry: Probing physics beyond the standard model}",
  Journal = "Phys. Rep.", 
  volume  = "117",
  year    = "1985",
  pages   = "75"
}
%=============================================
@article{MSSMmhmax,
  AUTHOR  = "{M. Carena, S. Heinemeyer, C. E. M. Wagner, and G. Weiglein}", 
  title   = "{Suggestions for benchmark scenarios for MSSM Higgs boson searches at hadron colliders}",
  Journal = "Eur. Phys. J.", 
  volume  = "C26",
  year    = "2003",
  pages   = "601-607",
  eprint  = "hep-ph/0202167"
}
%=============================================
@article{ATLASLimit,
     author         = "{The ATLAS Collaboration }",
     title          = "{Search for the neutral Higgs bosons of the Minimal
                        Supersymmetric Standard Model in $pp$ collisions at
                        $\sqrt{s}=7$ TeV with the ATLAS detector}",
      year           = "2012",
      eprint         = "1211.6956",
      archivePrefix  = "arXiv",
      primaryClass   = "hep-ex",
      reportNumber   = "CERN-PH-EP-2012-323",
      SLACcitation   = "%%CITATION = ARXIV:1211.6956;%%",
}
%=============================================
@article{CMSLimit,
     author         = "{The CMS Collaboration, S.~Chatrchyan et al., }",
     year           = 2011,
     eprint         = "1104.1619 [hep-ex]",
     archivePrefix  = "arXiv",
     primaryClass   = "hep-ex"
}
%=============================================
@article{Pythia,
     author    = "{T. Sjostrand, S. Mrenna and P. Skands}",
     title     = "{PYTHIA 6.4 physics and manual}",
     journal   = "JHEP",
     volume    = "05",
     year      = "2006",
     pages     = "026",
     doi       = "10.1088/1126-6708/2006/05/026"
}
%=============================================
@article{Herwig,
     author    = "Corcella, G. and others",
     title     = "{HERWIG 6: an event generator for hadron emission reactions with interfering gluons (including supersymmetric processes)}",
     journal   = "JHEP",
     volume    = "01",
     year      = "2001",
     pages     = "010",
     doi       = "10.1088/1126-6708/2001/01/010"
}
%=============================================
@article{Alpgen,
     author    = "Mangano, M. L. and others",
     title     = "{ALPGEN, a generator for hard multiparton processes in hadronic collisions}",
     journal   = "JHEP",
     volume    = "07",
     year      = "2003",
     pages     = "001"
}
%=============================================
@article{SHERPA,
     author    = "Gleisberg, T. and others",
     title     = "{Event generation with SHERPA 1.1}",
     journal   = "JHEP",
     volume    = "02",
     year      = "2009",
     pages     = "007"
}
%=============================================
@article{POWHEG,
     author    = "Alioli S. and others",
     title     = "{Higgs boson production in gluon fusion}",
     journal   = "JHEP",
     volume    = "02",
     year      = "2009",
     pages     = "029"
}
%=============================================
@article{MLM,
author  = "J. Alwall and others", 
title   = "{Comparative study of various algorithms for the merging of parton showers and matrix elements in hadronic collisions}",
journal = "{Eur. Phys. J.}",
volume  = "{C53}",
year    = "{2008}",
pages   = "{473}",
eprint  = "{0706.2569}",
archivePrefix = "arXiv",
}
%=============================================
@article{MCatNLO, 
author  = "{S. Frixione and B. R. Webber}", 
title   = "{Matching NLO QCD computations and parton shower simulations}",
journal = "JHEP",
volume  = "06",
year    = "2002",
pages   = "029",
eprint  = "hep-ph/0204244"
}
%=============================================
@article{AcerMC,
author = "{B. P. Kersevan and E. Richter-Was}",
title = "{The Monte Carlo Event Generator AcerMC 2.0 with Interfaces to PYTHIA 6.2 and HERWIG 6.5}",
eprint        = "{0405247v1}",
archivePrefix = "arXiv",
primaryClass  = "hep-ph"
}
%=============================================
@article{hepevt,
journal = "CERN 89-08",
year = "1989",
volume = "3",
pages = "143",
author = "T. Sj{\"{o}}strand et al.",
title = "$\mathrm{Z}$ physics at LEP 1"
}
%=============================================
@article{TAUOLA, 
author  = "{S. Jadach, J. H. Kuhn and Z. Was}", 
title   = "{TAUOLA - a library of Monte Carlo programs to simulate decays of polarized $\tau$ leptons}",
journal = "{Comput. Phys. Commun.}",
volume  = "{64}",
year    = "{1990}",
pages   = "{275}"
}
%=============================================
@article{PHOTOS, 
author  = "{E. Barberio, B. V. Eijk and Z. Was}",
title   = "{Photos - a universal Monte Carlo for QED radiative corrections in decays}",
journal = "{Comput. Phys. Commun.}",
volume  = "{66}",
year    = "{1991}",
pages   = "{115}"
}
%=============================================
@article{GG2WW, 
author  = "T. Binoth and M. Ciccolini and N. Kauer and M. Kramer",
title   = "{Gluon-induced $W$-boson pair production at the LHC}",
journal = "{JHEP}",
volume  = "{12}",
year    = "{2006}",
pages   = "{046}"
}
@article{JIMMY, 
author  = "J. M. Butterworth and J. R. Forshaw and M. H. Seymour",
title   = "{Multiparton Interactions in Photoproduction at HERA}",
journal = "{Z. Phys.}",
volume  = "{C72}",
year    = "{1996}",
pages   = "{637}"
}
%=============================================
@article{AntiKT,
     author = "M. Cacciari and G. P. Salam and G. Soyez",
     title  = "{The anti-$k_t$ jet clustering algorithm}",
     journal = "JHEP",
     volume = "04",
     year = "2008",
     pages = "063"
}
%=============================================
@article{Geant4,
     author = "S. Agostinelli and others",
     title = "{GEANT4 - a simulation toolkit}",
     collaboration = "The GEANT4",
     journal = "Nucl. Instrum. Meth.",
     volume = "A506",
     year = "2003",
     pages = "250"
}
%=============================================
@article{ATLASSIM,
     author = "Aad, G. and others",
     collaboration = "The ATLAS",
     title     = "{The ATLAS Simulation Infrastructure}",
     report="ATLAS-SOFT-2010-01-004, submitted to Eur. Phys. J. C.",
     eprint  = "{1005.4568}",
     archivePrefix = "arXiv"
}
%=============================================
@article{ATLASMC09Tune,
     collaboration = "The ATLAS",
     title = "ATLAS Monte Carlo Tunes for MC09",
     report="ATL-PHYS-PUB-2010-002"
}
%=============================================
@article{ATLASCLEANING,
     collaboration = "The ATLAS",
     title="Data-Quality Requirements and Event Cleaning for Jets and Missing Transverse Energy Reconstruction with the ATLAS Detector in Proton-Proton Collisions at a Center-of-Mass Energy of $\sqrt{s}=7$~TeV",
     report="ATLAS-CONF-2010-038"
}
%=============================================
@article{ETMISS,
     collaboration = "The ATLAS",
     title="Reconstruction and Calibration of Missing Transverse Energy and Performance in $Z$ and $W$ events in ATLAS Proton-Proton Collisions at $\sqrt{s}$=7 TeV",
     report="ATLAS-CONF-2011-080"
}
%=============================================
@article{ATLASWZFirstConfNote,
     collaboration = "The ATLAS",
     title="Measurement of the $W\rightarrow \ell\nu$ production cross-section and observation of $Z\rightarrow \ell\ell$ production in proton-proton collisions at $\sqrt{s}=7$~TeV with the ATLAS detector",
     report="ATLAS-CONF-2010-051"
}
%=============================================
@article{TopoClusterAlgo,
     author = "W. Lampl and others",
     title="Calorimeter Clustering Algorithms : Description and Performance",
     report="ATL-LARG-PUB-2008-002"
}
%=============================================
@article{LocalHadronCalib,
     author = "T. Barillari and others",
     title="Local Hadron Calibration",
     report="ATL-LARG-PUB-2009-001"
}
%=============================================
@article{ATLASMSSMTauTaulhPUB14,
     collaboration = "The ATLAS",
     title = "Discovery Potential of $A/H \rightarrow \tau^+\tau^- \rightarrow \ell h$ in ATLAS",
     report="ATL-PHYS-PUB-2010-011"
}
%=============================================
@article{ATLASJETEnergyScale,
     collaboration = "The ATLAS",
     title="Jet energy scale and its systematic uncertainty in proton-proton collisions at $\sqrt{s}=7$~TeV in ATLAS 2010 data",
     report="ATLAS-CONF-2011-032"
}
%=============================================
@article{ATLASTauIDNew,
     collaboration = "TheATLAS",
     title="Performance of the Reconstruction and Identification of Hadronic tau Decays in ATLAS with 2011 Data",       
     report="ATLAS-CONF-2012-142"
}
%=============================================
@article{signifrec,
     author = "G. Cowen et al.",
     title="Asymptotic Formulae for Likelihood-based Tests of New Physics",
     eprint         = "1007.1727",
     archivePrefix  = "arXiv",
     primaryClass   = "hep-ex",
}
%=============================================
@article{COM_ATLASBosonXS,
     author = "J.M.Butterworth and others",
     title="Single Boson and Diboson Production Cross Sections in $pp$ Collision at $\sqrt{s}=$7~TeV",
     eprint         = "1012.4686",
     archivePrefix  = "arXiv",
     primaryClass   = "hep-ex",
}
%=============================================
@article{COM_ATLASTopXS,
     author = "S.Allwood-Spires and others",
     title="Monte Carlo samples used for top physics",
     report="ATL-PHYS-INT-2010-132"
}
%=============================================
@Misc{TWIKI_ATLASTopWG,
  author = "{ATLAS Top WG}",
  title  = "Top MC2009",
  howpublished =  "{https://twiki.cern.ch/twiki/bin/view/AtlasProtected/TopMC2009}"
}
%=============================================
@article{LHCHiggsCrossSectionWorkingGroup:2011ti,
   author         = "{LHC Higgs Cross Section Working Group} and Dittmaier, S.
                   and Mariotti, C. and Passarino, G. and Tanaka (Eds.), R. and others",
   title          = "{Handbook of LHC Higgs Cross Sections: 1. Inclusive Observables}",
   year           = "2011",
   eprint         = "1101.0593",
   archivePrefix  = "arXiv",
   primaryClass   = "hep-ph",
}
%=============================================
@article{LHCHiggsCrossSectionWorkingGroup:2011tii,
      author  = "{LHC Higgs Cross Section Working Group} and Dittmaier, S. and Mariotti, C. and Passarino, G. and Tanaka (Eds.), R.",
      title          = "{Handbook of LHC Higgs Cross Sections: 2. Differential Distributions}",
      journal = "CERN-2012-002",
      year    = "CERN, Geneva, 2012",
      eprint         = "1201.3084",
      archivePrefix  = "arXiv",
      primaryClass   = "hep-ph",
      SLACcitation   = "%%CITATION = ARXIV:1201.3084;%%",
}
%=============================================
@article{HqT,
      author  = "{D.~de Florian, G.~Ferrera, M.~Grazzini and D.~Tommasini}",
      title   = "{Transverse-momentum resummation: Higgs boson production at the Tevatron and the LHC}",
      journal = "JHEP",
      volume = "1111",
      page   = "064",
      year    = "2011",
      eprint         = "1109.2109",
      archivePrefix  = "arXiv",
      primaryClass   = "hep-ph",
      SLACcitation   = "%%CITATION = ARXIV:1201.3084;%%",
}
%=============================================
@Misc{TWIKI_MSSMXSTool,
  author = "{MSSM Neutral Higgs WG}",
  title  = "MSSM Neutral Higgs Tool",
  howpublished =  "{https://twiki.cern.ch/twiki/bin/view/LHCPhysics/MSSMNeutral}"
}
%=============================================
@article{HIGLU, 
title   = "HIGLU",
eprint  = "hep-ph/9510347"
}
%=============================================
@article{ggh_at_nnlo, 
title   = "ggh@nnlo",
eprint  = "hep-ph/0201206"
}
%=============================================
@article{FiveFS_MSSM, 
title   = "bbh@nnlo",
eprint  = "hep-ph/0304035"
}
%=============================================
@article{FeynHiggs, 
title   = "FeynHiggs 2.7.4",
eprint  = "hep-ph/0611326"
}
%=============================================
@article{TevatronLimits,
author = "{The CDF Collaboration, the D0 Collaboration, the Tevatron New Physics Higgs Working Group (TEVNPHWG)}",
title = "{Combined CDF and D0 upper limits on MSSM Higgs boson production in $\tau-\tau$ final states with up to $2.2$~fb$^{-1}$}",
eprint        = "{1003.3363}",
archivePrefix = "arXiv",
primaryClass  = "hep-ex"
}
%=============================================
@article{CCGV,
   author         = "G.~Cowan, K.~Cranmer, E.~Gross and O.~Vitells",
   title          = "{Asymptotic formulae for likelihood-based tests of new physics}",
   year           = "2011",
   eprint         = "1007.1727",
   archivePrefix  = "arXiv",
   primaryClass   = "hep-ex",
}
%The European Physical Journal C - Particles and Fields
%Volume 71, Number 2, 1-19, DOI: 10.1140/epjc/s10052-011-1554-0 Open Access
%;  arXiv:1007.1727.
%=============================================
@Misc{TWIKI_EgammaWG_Eff_SF,
  author = "{ATLAS egamma WG}",
  title  = "Electron efficiency measurements",
  howpublished =  "{https://twiki.cern.ch/twiki/bin/view/AtlasProtected/EfficiencyMeasurements}"
}
%=============================================
@Misc{COM4,
  author = "{HSG4 embedding method developers}",
  title  = "HSG4 embedding method communication note, under preparation",
  howpublished =  "{https://svnweb.cern.ch/trac/atlasgrp/browser/Physics/Higgs/HSG4/2010/HiggsToTauTau/COM4}"
}
%=============================================
@article{LEPLimits,
  title = "{Search for neutral MSSM Higgs bosons at LEP}",
  collaboration = "{ALEPH, DELPHI, L3 and OPAL}",
  Journal = "Eur. Phys. J.", 
  volume  = "C47",
  year    = "2006",
  pages   = "547",
}
%=============================================
@article{TevatronLimits1,
     title     = "{Combined CDF and D0 upper limits on MSSM Higgs boson production in tau-tau final states with up to 2.2~\ifb of data}",
     eprint         = "1003.3363",
     archivePrefix  = "arXiv",
     primaryClass   = "hep-ex"
}
%=============================================
@article{TevatronLimits2,
     author    = "Aaltonen, T. and others",
     collaboration = "CDF",
     journal   = "Phys. Rev. Lett.",
     volume    = "103",
     year      = "2009",
     pages     = "201801",
}
%=============================================
@article{TevatronLimits3,
     author    = "Abazov, V.M. and others",
     collaboration = "D0",
     journal   = "Phys. Rev. Lett.",
     volume    = "101",
     year      = "2008",
     pages     = "071804",
}
% b phi -> bbb Tevatron combination using CDF 2.6 fb-1 and D0 5.2 fb-1
@article{TevatronLimits4,
      hideauthor         = "Aaltonen, T. and others",
      title          = "{Search for Neutral Higgs Bosons in Events with Multiple
                        Bottom Quarks at the Tevatron}",
      hidecollaboration  = "CDF Collaboration, D0 Collaboration",
      author = "{TNPWG (Tevatron New Physics Higgs Working Group), CDF and D0 Collaborations}",
      year           = "2012",
      eprint         = "1207.2757",
      archivePrefix  = "arXiv",
      primaryClass   = "hep-ex",
      reportNumber   = "FERMILAB-PUB-12-385-E",
      SLACcitation   = "%%CITATION = ARXIV:1207.2757;%%",
}

% CDF b phi -> bbb paper, 2.6 fb-1
@article{TevatronLimits5,
      hideauthor         = "Aaltonen, T. and others",
      title          = "{Search for Higgs Bosons Produced in Association with
                        $b$-quarks}",
      hidecollaboration  = "CDF Collaboration",
      author = "{CDF Collaboration, T. Aaltonen et al.}",
      journal        = "Phys.Rev.",
      volume         = "D85",
      pages          = "032005",
      doi            = "10.1103/PhysRevD.85.032005",
      year           = "2012",
      eprint         = "1106.4782",
      archivePrefix  = "arXiv",
      primaryClass   = "hep-ex",
      reportNumber   = "FERMILAB-PUB-11-294-E-PPD",
      SLACcitation   = "%%CITATION = ARXIV:1106.4782;%%",
}
% D0 b phi -> bbb paper 5.2 fb-1
@article{TevatronLimits6,
      hideauthor         = "Abazov, Victor Mukhamedovich and others",
      title          = "{Search for neutral Higgs bosons in the multi-$b$-jet
                        topology in 5.2fb$^{-1}$ of $p\bar{p}$ collisions at
                        $\sqrt{s} = 1.96$ TeV}",
      hidecollaboration  = "D0 Collaboration",
      author = "{D0 Collaboration, V.M. Abazov et al.}",
      journal        = "Phys.Lett.",
      volume         = "B698",
      pages          = "97-104",
      doi            = "10.1016/j.physletb.2011.02.062",
      year           = "2011",
      eprint         = "1011.1931",
      archivePrefix  = "arXiv",
      primaryClass   = "hep-ex",
      reportNumber   = "FERMILAB-PUB-10-446-E",
      SLACcitation   = "%%CITATION = ARXIV:1011.1931;%%",
}
%=============================================
@article{theo125,
     author    = "{S. Heinemeyer, O. St\r{a}l and G. Weiglein}",
     title     = "{Interpreting the LHC Higgs search results in the MSSM}",
      journal        = "Phys.Lett.",
      volume         = "B710",
      pages          = "201-206",
      doi            = "10.1016/j.physletb.2012.02.084",
      year           = "2012",
      eprint         = "1112.3026",
      archivePrefix  = "arXiv",
      primaryClass   = "hep-ph",
      reportNumber   = "DESY-11-243",
      SLACcitation   = "%%CITATION = ARXIV:1112.3026;%%",
}
%=============================================
@article{theo125_v2,
     author    = "{A. Arbey, M. Battaglia, A. Djouadi and F. Mahmoudi}",
     title = "{The Higgs sector of the phenomenological MSSM in the light of the Higgs boson discovery}",
      journal        = "JHEP",
      volume         = "1209",
      pages          = "107",
      doi            = "10.1007/JHEP09(2012)107",
      year           = "2012",
      eprint         = "1207.1348",
      archivePrefix  = "arXiv",
      primaryClass   = "hep-ph",
      reportNumber   = "CERN-PH-TH-2012-185",
      SLACcitation   = "%%CITATION = ARXIV:1207.1348;%%",
}
%=============================================
@article{MMC,
      author         = "Elagin, A. and Murat, P. and Pranko, A. and Safonov, A.",
      title          = "{A New Mass Reconstruction Technique for Resonances
                        Decaying to di-tau}",
      year           = "2010",
      note           = "* Temporary entry *",
      eprint         = "1012.4686",
      archivePrefix  = "arXiv",
      primaryClass   = "hep-ex",
}
%=============================================
@article{MuonReconstruction,
     collaboration = "The ATLAS",
     title="Muon reconstruction efficiency in reprocessed 2010 LHC p-p collision data recorded with the ATLAS detector",
     report="ATLAS-CONF-2011-063"
}
%=============================================
@article{ZtautauCrossSection,
     collaboration = "The ATLAS",
     title="Measurement of Z->tautau production cross-section in proton-proton collisions at sqrt{s}=7 TeV with the ATLAS detector - Support Note for lep-had channels",
     report="ATLAS-CONF-2011-416"
}
%=============================================
@article{MuonResolution,
     collaboration = "The ATLAS",
     title="ATLAS Muon Momentum Resolution in the First Pass Reconstruction of the
  2010 p-p Collision Data at $\sqrt{s}=7$~TeV",
     report="ATLAS-CONF-2011-046"
}
%=============================================
@article{ElectronID2011,
     collaboration = "The ATLAS",
     title="Expected electron performance in the ATLAS experiment",
     report="ATLAS-PUB-2011-006"
}
%=============================================
@Misc{BCHcorrection,
  author = "{ATLAS Jet/EtMiss Combined Performance Group}",
  title  = "Jet Moments for Bad Cells",
  howpublished =  "{https://twiki.cern.ch/twiki/bin/view/AtlasProtected/JetMomentsForBadCells}"
}
%=============================================
@Misc{TauSystem,
  author = "{ATLAS Tau Combined Performance Group}",
  title  = "Tau Systematic Uncertainties, Summer 2011 analyses",
  howpublished =  "{https://twiki.cern.ch/twiki/bin/view/AtlasProtected/TauSystematicsSummerConf2011}"
}
%=============================================
@Misc{JERProvider,
  author = "{ATLAS Jet/EtMiss Combined Performance Group}",
  title  = "Jet Energy Resolution Provider",
  howpublished =  "{https://twiki.cern.ch/twiki/bin/view/Main/JetEnergyResolutionProvider}"
}
%=============================================
@article{harlanderwiesemann,
     author    = "Harlander, Robert and Wiesemann, Marius",
     title     = "{Jet-veto in bottom-quark induced Higgs production at next-
                  to-next-to-leading order}",
     year      = "2011",
     eprint    = "1111.2182",
     archivePrefix = "arXiv",
     primaryClass  =  "hep-ph",
     SLACcitation  = "%%CITATION = 1111.2182;%%"
}
%===========================================
@article{AtlasZtautau,
     collaboration = "The ATLAS",
     title="Measurement of the $Z\rightarrow\tau\tau$ cross section with the ATLAS detector",
     journal = "Phys. Rev. D",
     volume = "84",
     issue = "11",
     year = "2011",
     doi = "10.1103/PhysRevD.84.112006",
     pages = "112006",
}
%===========================================
@article{AtlasHtautauMSSMSearch2011,
     title = "Search for neutral MSSM Higgs bosons decaying to $\tau\tau$ pairs 
in proton-proton collisions at with the ATLAS detector",
     journal = "Physics Letters B",
     author = "The ATLAS Collaboration",
     volume = "705",
     number = "3",
     pages = "174 - 192",
     year = "2011",
}
%===========================================
@article{ATLASHiggsObservationJuly2012,
    title = "Observation of a new particle in the search for the Standard Model Higgs boson with the ATLAS detector at the LHC",
    journal = "Physics Letters B",
    author = "The ATLAS Collaboration",
    volume = "716",
    pages = "1-29",
    year = "2012",
}
%===========================================
@article{CMSHiggsObservationJuly2012,
    title = "Observation of a new boson at a mass of 125 GeV with the CMS experiment at the LHC",
    journal = "Physics Letters B",
    author = "The CMS Collatoration",
    volume = "716",
    pages = "30-61",
    year = "2012",
}
%===========================================
@article{2011LHSupportNote,
    title = "Search for Neutral MSSM Higgs Bosons H to $\tau\tau$ to l$\tau_{h}$ with the ATLAS Detector in 7 TeV Collisions",
    collaboration = "The ATLAS",
    report = "ATL-COM-PHYS-2012-094",
}
%===========================================
@article{AtlasMSSM7TeV,
     title = "Search for the neutral Higgs bosons of the Minimal Supersymmetric Standard Model in pp collisions at $\sqrt s = 7$ TeV with the ATLAS detector",
     journal = "JHEP",
     author = "The ATLAS Collaboration",
     eprint = "1211.6956",
     archivePrefix = "arXiv"
}
%===========================================
@article{AtlasSMMoriond2012LepHad,
     title = "Search for Standard Model $H\rightarrow\tau\tau\rightarrow l\tau_{had}$ with the ATLAS Detector in 7 TeV
proton-proton collisions",
     report = "ATL-COM-PHYS-037",
     author = "The ATLAS Collaboration",
}
%===========================================
@article{Btaggers,
     collaboration = "The ATLAS",
     title= "Commissioning of the ATLAS high-performance b-tagging algorithms in the 7 TeV collision data",
     report="ATLAS-CONF-2011-102"
}
%=============================================
@article{BtaggingScaleFactors,
     collaboration = "The ATLAS",
     title="Measurement of the b-tag Efficiency in a Sample of Jets Containing Muons with 5~\ifb of Data from the ATLAS Detector",
     report="ATLAS-CONF-2012-043"
}
%=============================================
@article{luminosity,
     collaboration = "The ATLAS",
     title="Luminosity Determination in pp Collisions at $\sqrt s = 7$ TeV using the ATLAS Detector in 2011",
     report="ATLAS-CONF-2011-116"
}
%=============================================
@article{2010SMLLSupportNote,
    title = "Search for neutral Higgs Bosons in the decay mode $H \rightarrow \tau\tau \rightarrow ll +4\nu$ in proton proton collision
 at  $\sqrt{7}$ TeV with the ATLAS Detector",
    collaboration = "The ATLAS",
    report = "ATL-COM-PHYS-2011-758",
}
%=============================================
@article{RIVET,
     author = "A. Buckley et al.",
     title="Rivet user manual",
     eprint         = "1003.0694",
     archivePrefix  = "arXiv",
     primaryClass   = "hep-ph",
}
%=============================================

%=============================================
@article{ABCD,
     author = "Atlas statistics forum",
     title="ABCD method in searches",
}
%=============================================
